<?xml version="1.0" encoding="UTF-8"?><record xmlns="http://www.loc.gov/MARC21/slim" xmlns:cinclude="http://apache.org/cocoon/include/1.0" xmlns:zs="http://www.loc.gov/zing/srw/">
  <leader>00395nz  a2200133n  4500</leader>
  <controlfield tag="001">n 2012025297</controlfield>
  <controlfield tag="003">DLC</controlfield>
  <controlfield tag="005">20120418074919.0</controlfield>
  <controlfield tag="008">120417n| acannaabn          |n aaa      </controlfield>
  <datafield tag="010" ind1=" " ind2=" ">
    <subfield code="a">n 2012025297</subfield>
  </datafield>
  <datafield tag="040" ind1=" " ind2=" ">
    <subfield code="a">DLC</subfield>
    <subfield code="b">eng</subfield>
    <subfield code="c">DLC</subfield>
  </datafield>
  <datafield tag="100" ind1="1" ind2=" ">
    <subfield code="a">Palya, Bea,</subfield>
    <subfield code="d">1976-</subfield>
  </datafield>
  <datafield tag="670" ind1=" " ind2=" ">
    <subfield code="a">Her RibizliaĚlom, 2011:</subfield>
    <subfield code="b">t.p. (Palya Bea)</subfield>
  </datafield>
  <datafield tag="670" ind1=" " ind2=" ">
    <subfield code="a">Internet, Librivision: OSZK cat., April 17, 2012</subfield>
    <subfield code="b">(hdg.: Palya, Bea, 1976- )</subfield>
  </datafield>
</record>